<?xml version="1.0" encoding="UTF-8"?><collection xmlns="http://www.loc.gov/MARC21/slim"><record><leader>00533nam--2200193-u-4500</leader><controlfield tag="001">000056645</controlfield><controlfield tag="002">20161230</controlfield><controlfield tag="005">20161230201052</controlfield><controlfield tag="008">160404s1000------------r-----000-0-eng-d</controlfield><datafield ind1=" " ind2=" " tag="040"><subfield code="a">IFIN-HH</subfield></datafield><datafield ind1=" " ind2=" " tag="080"><subfield code="a">524.1:5232.3</subfield></datafield><datafield ind1="1" ind2=" " tag="100"><subfield code="a">Allkofer, O.C</subfield></datafield><datafield ind1="1" ind2="0" tag="245"><subfield code="a">Zaed cosmic rays on earth</subfield><subfield code="c">O.c. allkofer, p.k.f. grieder</subfield></datafield><datafield ind1=" " ind2=" " tag="260"><subfield code="a">Karlsruhe</subfield><subfield code="b">Fachinformationszentrum</subfield><subfield code="c">1984</subfield></datafield><datafield ind1=" " ind2=" " tag="300"><subfield code="a">379P</subfield></datafield><datafield ind1=" " ind2=" " tag="490"><subfield code="a">Physik Daten Physic Data 25-1 1984</subfield></datafield><datafield ind1="1" ind2=" " tag="700"><subfield code="a">Grieder, P.K.F</subfield></datafield><datafield ind1=" " ind2=" " tag="852"><subfield code="a">47445</subfield><subfield code="c">53.081</subfield></datafield><datafield ind1=" " ind2=" " tag="CAT"><subfield code="a">Sys</subfield><subfield code="c">20160404</subfield><subfield code="h">160138</subfield></datafield></record></collection>